@article{lenain2006high,
  title={High accuracy path tracking for vehicles in presence of sliding: Application to farm vehicle automatic guidance for agricultural tasks},
  author={Lenain, Roland and Thuilot, Benoit and Cariou, Christophe and Martinet, Philippe},
  journal={Autonomous robots},
  volume={21},
  number={1},
  pages={79--97},
  year={2006},
  publisher={Springer}
}
@article{gaskins1987flow,
	title={Flow path design for automated guided vehicle systems},
	author={Gaskins, RJ and TANCHOCO, JM A\_},
	journal={International Journal of Production Research},
	volume={25},
	number={5},
	pages={667--676},
	year={1987},
	publisher={Taylor \& Francis}
}
@article{vis2006survey,
	title={Survey of research in the design and control of automated guided vehicle systems},
	author={Vis, Iris FA},
	journal={European Journal of Operational Research},
	volume={170},
	number={3},
	pages={677--709},
	year={2006},
	publisher={Elsevier}
}
@article{bozer1991tandem,
	title={Tandem configurations for automated guided vehicle systems and the analysis of single vehicle loops},
	author={Bozer, Yavuz A and Srinivasan, Mandyam M},
	journal={IIE transactions},
	volume={23},
	number={1},
	pages={72--82},
	year={1991},
	publisher={Taylor \& Francis}
}
@article{wu2004modeling,
	title={Modeling and deadlock control of automated guided vehicle systems},
	author={Wu, Naiqi and Zhou, MengChu},
	journal={IEEE/ASME transactions on mechatronics},
	volume={9},
	number={1},
	pages={50--57},
	year={2004},
	publisher={IEEE}
}
@article{muller1983automated,
	title={Automated guided vehicles},
	author={Muller, Thomas},
	year={1983}
}
@article{egbelu1986potentials,
	title={Potentials for bi-directional guide-path for automated guided vehicle based systems},
	author={Egbelu, Pius J and Tanchoco, JMA},
	journal={International Journal of Production Research},
	volume={24},
	number={5},
	pages={1075--1097},
	year={1986},
	publisher={Taylor \& Francis}
}
@article{evers1996automated,
	title={Automated guided vehicle traffic control at a container terminal},
	author={Evers, Joseph JM and Koppers, Stijn AJ},
	journal={Transportation Research Part A: Policy and Practice},
	volume={30},
	number={1},
	pages={21--34},
	year={1996},
	publisher={Elsevier}
}
@misc{douglas2000navigation,
	title={Navigation system for automatic guided vehicle},
	author={Douglas, Barry D and Bencel, Joseph A},
	year={2000},
	month=apr # "~11",
	publisher={Google Patents},
	note={US Patent 6,049,745}
}
@article{egbelu1984characterization,
	title={Characterization of automatic guided vehicle dispatching rules},
	author={Egbelu, Pius J and Tanchoco, Jose MA},
	journal={The International Journal of Production Research},
	volume={22},
	number={3},
	pages={359--374},
	year={1984},
	publisher={Taylor \& Francis}
}