
@comment{ 1.1 }
@phdthesis{olmi2011traffic,
	title={Traffic management of automated guided vehicles in flexible manufacturing systems},
	author={Olmi, Roberto},
	year={2011},
	school={Universit{\`a} degli Studi di Ferrara}
}
@phdthesis{KESH,
	title={Automated Guided Vehicles/Self Guided Vehicles},
	author={Kesavadas, Thenkurussi},
	year={2007},
	school={State University of New York at Buffalo}
}

@comment{ 1.2 }
@article{o2011changing,
	title={The changing organization of US farming},
	author={Oâ€™Donoghue, Erik J and Hoppe, Robert A and Banker, David E and Ebel, Robert and Fuglie, Keith and Korb, Penni and Livingston, Michael and Nickerson, Cynthia and Sandretto, Carmen},
	journal={US Economic Research Service},
	year={2011}
}
@article{mcbratney2005future,
	title={Future directions of precision agriculture},
	author={McBratney, Alex and Whelan, Brett and Ancev, Tihomir and Bouma, Johan},
	journal={Precision agriculture},
	volume={6},
	number={1},
	pages={7--23},
	year={2005},
	publisher={Springer}
}
@article{lenain2006high,
	title={High accuracy path tracking for vehicles in presence of sliding: Application to farm vehicle automatic guidance for agricultural tasks},
	author={Lenain, Roland and Thuilot, Benoit and Cariou, Christophe and Martinet, Philippe},
	journal={Autonomous robots},
	volume={21},
	number={1},
	pages={79--97},
	year={2006},
	publisher={Springer}
}
@article{fawcett2014farm,
	title={On-Farm Corn Row Spacing Trials},
	author={Fawcett, Jim and Licht, Mark and Sievers, Josh and Rogers, Jim},
	year={2014}
}

@comment{ 1.3 }
@article{Exports,
	author = {Bryce Cooke},
	title = {Exports expand the market for U.S. agricultural products},
	journal={United States Department of Agriculture Economic Research Service},
	year = {2016},
}

@article{margat1999water,
	title={Water resources and uses in the Mediterranean countries: figures and facts},
	author={Margat, J and Vall{\'e}e, D},
	journal={Blue Plan, UNEP-Regional Activity Center},
	year={1999}
}

@inproceedings{phene1986advantages,
	title={Advantages of subsurface irrigation for processing tomatoes},
	author={Phene, CJ and Davis, KR and Hutmacher, RB and McCormick, RL},
	booktitle={II International Symposium on Processing Tomatoes, XXII IHC 200},
	pages={101--114},
	year={1986}
}

@article{camp1998subsurface,
	title={Subsurface drip irrigation: a review},
	author={Camp, CR},
	journal={Transactions of the ASAE},
	volume={41},
	number={5},
	pages={1353},
	year={1998},
	publisher={American Society of Agricultural and Biological Engineers}
}

@comment{ 2.2 }
@inproceedings{yuping2011sound,
	title={Sound guidance vehicle based on AT89S52},
	author={Yuping, Li and Changjun, Yu and He, Ni and Pengke, Hou},
	booktitle={Power Engineering and Automation Conference (PEAM), 2011 IEEE},
	volume={3},
	pages={119--122},
	year={2011},
	organization={IEEE}
}
@inproceedings{jiang2006algorithm,
	title={An Algorithm for automatic guided vehicle based on machine vision and DR},
	author={Jiang, Yong and Cao, Jie and Liu, Ruihua and Du, Yaling},
	booktitle={2006 6th World Congress on Intelligent Control and Automation},
	volume={2},
	pages={8582--8586},
	year={2006},
	organization={IEEE}
}
@article{schipperijn2014dynamic,
	title={Dynamic accuracy of GPS receivers for use in health research: a novel method to assess GPS accuracy in real-world settings},
	author={Schipperijn, Jasper and Kerr, Jacqueline and Duncan, Scott and Madsen, Thomas and Klinker, Charlotte Demant and Troelsen, Jens},
	journal={Emerging Technologies to Promote and Evaluate Physical Activity},
	pages={23},
	year={2014},
	publisher={Frontiers E-books}
}
@article{thuilot2002automatic,
	title={Automatic guidance of a farm tractor relying on a single CP-DGPS},
	author={Thuilot, Benoit and Cariou, Christophe and Martinet, Philippe and Berducat, Michel},
	journal={Autonomous robots},
	volume={13},
	number={1},
	pages={53--71},
	year={2002},
	publisher={Springer}
}
@article{lambiel2004contribution,
	title={Contribution of real-time kinematic GPS in the study of creeping mountain permafrost: Examples from the Western Swiss Alps},
	author={Lambiel, Christophe and Delaloye, Reynald},
	journal={Permafrost and periglacial processes},
	volume={15},
	number={3},
	pages={229--241},
	year={2004},
	publisher={Wiley Online Library}
}






@article{kaur2013content,
	title={Content based image retrieval: Survey and comparison between rgb and hsv model},
	author={Kaur, Simardeep and Banga, Dr Vijay Kumar},
	journal={International Journal of Engineering Trends and Technology},
	volume={4},
	number={4},
	pages={575--579},
	year={2013}
}


@article{torralba2009many,
	title={How many pixels make an image?},
	author={Torralba, Antonio},
	journal={Visual neuroscience},
	volume={26},
	number={01},
	pages={123--131},
	year={2009},
	publisher={Cambridge Univ Press}
}
